<record><leader>00000cas a2200000 a 4500</leader><controlfield tag="001">32441045</controlfield><controlfield tag="007">hd bfu---baat</controlfield><controlfield tag="007">hd afu---bact</controlfield><controlfield tag="008">950509d18991906nbuwr nea     0    0eng c</controlfield><datafield ind1=" " ind2=" " tag="010"><subfield code="a">sn 95069635 </subfield></datafield><datafield ind1=" " ind2=" " tag="040"><subfield code="a">NVG</subfield><subfield code="b">eng</subfield><subfield code="c">NVG</subfield><subfield code="d">OCLCQ</subfield><subfield code="d">OCLCF</subfield><subfield code="d">OCLCO</subfield><subfield code="d">OCLCQ</subfield></datafield><datafield ind1=" " ind2=" " tag="042"><subfield code="a">pcc</subfield></datafield><datafield ind1=" " ind2=" " tag="043"><subfield code="a">n-us-nb</subfield></datafield><datafield ind1="0" ind2="0" tag="245"><subfield code="a">Saunders County new era.</subfield></datafield><datafield ind1="1" ind2="3" tag="246"><subfield code="a">Saunders Co. new era</subfield></datafield><datafield ind1="1" ind2="3" tag="246"><subfield code="a">Wahoo new era</subfield><subfield code="f">Jan. 27-Feb. 17, 1899</subfield></datafield><datafield ind1="1" ind2="3" tag="246"><subfield code="a">New era</subfield><subfield code="f">Mar. 29, 1901-May 17, 1906</subfield></datafield><datafield ind1=" " ind2=" " tag="260"><subfield code="a">Wahoo, Neb. :</subfield><subfield code="b">[Eric Johnson &amp; Sons],</subfield><subfield code="c">1899-1906.</subfield></datafield><datafield ind1=" " ind2=" " tag="300"><subfield code="a">8 volumes</subfield></datafield><datafield ind1=" " ind2=" " tag="310"><subfield code="a">Weekly</subfield></datafield><datafield ind1=" " ind2=" " tag="336"><subfield code="a">text</subfield><subfield code="b">txt</subfield><subfield code="2">rdacontent</subfield></datafield><datafield ind1=" " ind2=" " tag="337"><subfield code="a">microform</subfield><subfield code="b">h</subfield><subfield code="2">rdamedia</subfield></datafield><datafield ind1=" " ind2=" " tag="338"><subfield code="a">microfilm reel</subfield><subfield code="b">hd</subfield><subfield code="2">rdacarrier</subfield></datafield><datafield ind1="0" ind2=" " tag="362"><subfield code="a">Vol. 9, no. 26 (Jan. 27, 1899)-v. 16, no. 39 (May 17, 1906).</subfield></datafield><datafield ind1=" " ind2=" " tag="580"><subfield code="a">Companion to: Coming new era, 1900-1901.</subfield></datafield><datafield ind1=" " ind2=" " tag="580"><subfield code="a">Absorbed in part by: Wahoo wasp, and: Wahoo Democrat.</subfield></datafield><datafield ind1=" " ind2=" " tag="533"><subfield code="a">Microfilm.</subfield><subfield code="m">1899-1906:[Gaps]</subfield><subfield code="b">Lincoln, Neb. :</subfield><subfield code="c">Nebraska State Historical Society,</subfield><subfield code="d">[1967].</subfield><subfield code="e">7 microfilm reels ; 35 mm.</subfield></datafield><datafield ind1=" " ind2="0" tag="651"><subfield code="a">Saunders County (Neb.)</subfield><subfield code="v">Newspapers.</subfield></datafield><datafield ind1=" " ind2="7" tag="651"><subfield code="a">Nebraska</subfield><subfield code="z">Saunders County.</subfield><subfield code="2">fast</subfield><subfield code="0">(OCoLC)fst01211820</subfield></datafield><datafield ind1=" " ind2="7" tag="655"><subfield code="a">Newspapers.</subfield><subfield code="2">fast</subfield><subfield code="0">(OCoLC)fst01423814</subfield></datafield><datafield ind1=" " ind2=" " tag="752"><subfield code="a">United States</subfield><subfield code="b">Nebraska</subfield><subfield code="c">Saunders</subfield><subfield code="d">Wahoo.</subfield></datafield><datafield ind1="0" ind2="0" tag="780"><subfield code="t">Wahoo new era</subfield><subfield code="w">(DLC)sn 95069634</subfield></datafield><datafield ind1="1" ind2="5" tag="785"><subfield code="t">Wahoo wasp</subfield><subfield code="w">(DLC)sn 95069638</subfield></datafield><datafield ind1="1" ind2="5" tag="785"><subfield code="t">Wahoo Democrat</subfield><subfield code="w">(DLC)sn 95069639</subfield></datafield><datafield ind1="0" ind2=" " tag="787"><subfield code="t">Coming new era</subfield><subfield code="w">(DLC)sn 95069636</subfield></datafield><datafield ind1="1" ind2=" " tag="029"><subfield code="a">AU@</subfield><subfield code="b">000011677510</subfield></datafield></record>